@article{Evans:2006tq,
      author         = "Evans, Lyndon",
      title          = "{The Large Hadron Collider (LHC)}",
      journal        = "New J.Phys.",
      volume         = "9",
      pages          = "335",
      doi            = "10.1088/1367-2630/9/9/335",
      year           = "2007",
      reportNumber   = "SSI-2006-L003",
      SLACcitation   = "%%CITATION = NJOPF,9,335;%%",
}

@article{Chatrchyan:2008aa,
      author         = "Chatrchyan, S. and others",
      title          = "{The CMS experiment at the CERN LHC}",
      collaboration  = "CMS Collaboration",
      journal        = "JINST",
      volume         = "3",
      pages          = "S08004",
      doi            = "10.1088/1748-0221/3/08/S08004",
      year           = "2008",
      SLACcitation   = "%%CITATION = JINST,3,S08004;%%",
}